@article{2000:IQC:367701.367709,
 title = {An introduction to quantum computing for non-physicists},
 journal = {ACM Comput. Surv.},
 volume = {32},
 issue = {3},
 month = {September},
 year = {2000},
 issn = {0360-0300},
 pages = {300--335},
 numpages = {36},
 url = {http://doi.acm.org/10.1145/367701.367709},
 doi = {http://doi.acm.org/10.1145/367701.367709},
 acmid = {367709},
 publisher = {ACM},
 address = {New York, NY, USA},
 keywords = {complexity, parallelism, quantum computing},
key = {{$\!\!$}} ,
}