@Article{ 2000:IQC:367701.367709,
	author = "Eleanor Rieffel and Wolfgang Polak",
	title = "{An Introduction to Quantum Computing for Non-Physicists}",
	journal = "ACM Comput. Surv.",
	volume = "32",
	issue = "3",
	month = "September",
	year = "2000",
	issn = "0360-0300",
	pages = "300--335",
	numpages = "36",
	url = "http://doi.acm.org/10.1145/367701.367709",
	doi = "http://doi.acm.org/10.1145/367701.367709",
	acmid = "367709",
	publisher = "ACM",
	address = "New York, NY, USA",
	keywords = "complexity, parallelism, quantum computing",
	key = "{$\!\!$}"
}

@Misc{ Stepney07searchingfor,
	author = "Susan Stepney and John A. Clark",
	title = "Searching for Quantum Programs and Quantum Protocols: a review ",
	year = "2007"
}

@Article{ Vedral:1995ga,
	author = "Vlatko Vedral and Adriano Barenco and Artur Ekert",
	title = "{Quantum Networks for Elementary Arithmetic Operations}",
	year = "1995",
	eprint = "quant-ph/9511018",
	archivePrefix = "arXiv",
	SLACcitation = "\%\%CITATION = QUANT-PH/9511018;\%\%"
}

@InBook{ Spector:1999:QCA:316573.317112,
	author = "Lee Spector and Howard Barnum and Herbert J. Bernstein and Nikhil Swamy",
	title = "Quantum computing applications of genetic programming",
	book = "Advances in genetic programming",
	year = "1999",
	isbn = "0-262-19423-6",
	pages = "135--160",
	numpages = "26",
	url = "http://portal.acm.org/citation.cfm?id=316573.317112",
	acmid = "317112",
	publisher = "MIT Press",
	address = "Cambridge, MA, USA"
}

@Article{ Shor:1994jg,
	author = "Peter W. Shor",
	title = "{Polynomial time algorithms for prime factorization and discrete logarithms on a quantum computer}",
	journal = "SIAM J. Sci. Statist. Comput.",
	volume = "26",
	year = "1997",
	pages = "1484",
	eprint = "quant-ph/9508027",
	archivePrefix = "arXiv",
	SLACcitation = "\%\%CITATION = QUANT-PH/9508027;\%\%"
}

@Article{ Deutsch1985,
	jstor_articletype = "research-article",
	title = "Quantum Theory, the Church-Turing Principle and the Universal Quantum Computer",
	author = "D. Deutsch",
	journal = "Proceedings of the Royal Society of London. Series A, Mathematical and Physical Sciences",
	jstor_issuetitle = "",
	volume = "400",
	number = "1818",
	jstor_formatteddate = "Jul. 8, 1985",
	pages = "pp. 97--117",
	url = "http://www.jstor.org/stable/2397601",
	ISSN = "00804630",
	abstract = "It is argued that underlying the Church-Turing hypothesis there is an implicit physical assertion. Here, this assertion is presented explicitly as a physical principle: `every finitely realizible physical system can be perfectly simulated by a universal model computing machine operating by finite means'. Classical physics and the universal Turing machine, because the former is continuous and the latter discrete, do not obey the principle, at least in the strong form above. A class of model computing machines that is the quantum generalization of the class of Turing machines is described, and it is shown that quantum theory and the `universal quantum computer' are compatible with the principle. Computing machines resembling the universal quantum computer could, in principle, be built and would have many remarkable properties not reproducible by any Turing machine. These do not include the computation of non-recursive functions, but they do include `quantum parallelism', a method by which certain probabilistic tasks can be performed faster by a universal quantum computer than by any classical restriction of it. The intuitive explanation of these properties places an intolerable strain on all interpretations of quantum theory other than Everett's. Some of the numerous connections between the quantum theory of computation and the rest of physics are explored. Quantum complexity theory allows a physically more reasonable definition of the `complexity' or `knowledge' in a physical system than does classical complexity theory.",
	language = "English",
	year = "1985",
	publisher = "The Royal Society",
	copyright = "Copyright ï¿½ 1985 The Royal Society"
}

@Article{ Shor:2004:PQA:1032132.1032149,
	author = "Peter W. Shor",
	title = "Progress in Quantum Algorithms",
	journal = "Quantum Information Processing",
	volume = "3",
	issue = "1-5",
	month = "October",
	year = "2004",
	issn = "1570-0755",
	pages = "5--13",
	numpages = "9",
	url = "http://portal.acm.org/citation.cfm?id=1032132.1032149",
	doi = "10.1007/s11128-004-3878-2",
	acmid = "1032149",
	publisher = "Kluwer Academic Publishers",
	address = "Hingham, MA, USA",
	keywords = "NP-complete, quantum algorithms"
}

@Article{ Feynman82simulatingphysics,
	author = "Richard Feynman and Peter W. Shor",
	title = "Simulating Physics with Computers",
	journal = "SIAM Journal on Computing",
	year = "1982",
	volume = "26",
	pages = "1484 -- 1509"
}

@Book{ dirac2004principles,
	title = "{The principles of quantum mechanics}",
	author = "P.A.M. Dirac",
	isbn = "9780198520115",
	year = "1958",
	publisher = "Oxford University Press"
}

@Misc{ QuantikiBlochSphereImage,
	Author = "Piotr Gawron",
	Title = "File:Bloch.png - Quantiki | Quantum information wiki and portal",
	howpublished = "\url{http://www.quantiki.org/wiki/File:Bloch.png}"
}

@Misc{ BlochSphereTalk,
	Author = "Ian Glendinning",
	Title = "The Bloch Sphere - Talks and Posters on Quantum Computing by Ian Glendinning",
	howpublished = "\url{http://www.vcpc.univie.ac.at/~ian/hotlist/qc/talks/bloch-sphere.pdf}"
}

@Article{ 1992-deutsch,
	author = "D Deutsch and R Jozsa",
	title = "Rapid Solution of Problems by Quantum Computation",
	journal = "Proc Roy Soc Lond A",
	volume = "439",
	pages = "553--558",
	month = "October",
	year = "1992",
	abstract = "",
	abstract-url = "http://www.cs.bris.ac.uk/Publications/pub\\\\\\\\\\\\\\\\\\\\\\\\\_master.jsp?id=1000017",
	keyword = "Quantum Computing",
	pubtype = "101"
}

@Article{ Grover:1996rk,
	author = "Lov K. Grover",
	title = "{A fast quantum mechanical algorithm for database search}",
	year = "1996",
	eprint = "quant-ph/9605043",
	archivePrefix = "arXiv",
	SLACcitation = "\%\%CITATION = QUANT-PH/9605043;\%\%"
}

@Article{ Bennett:1996iu,
	author = "Charles H. Bennett and Ethan Bernstein and Gilles Brassard and Umesh Vazirani",
	title = "{Strengths and Weaknesses of Quantum Computing}",
	year = "1996",
	eprint = "quant-ph/9701001",
	archivePrefix = "arXiv",
	SLACcitation = "\%\%CITATION = QUANT-PH/9701001;\%\%"
}

@Book{ masseythesis,
	author = "P Massey",
	title = "Searching for Quantum Software",
	publisher = "University of York",
	year = "2006"
}

@InProceedings{ Macchiavello97quantumalgorithms,
	author = "Cleve Ekert Macchiavello and B Y R. Cleve and A. Ekert and C. Macchiavello",
	title = "Quantum Algorithms Revisited",
	booktitle = "Proceedings of the Royal Society of London A",
	year = "1997",
	pages = "339--354"
}

@Misc{ SchroedingersCat,
	Author = "Erwin Schr$\ddot{o}$ginger",
	Title = "{[A translation by John D. Trimmer] 'The Present Situation in Quantum Mechanics'}",
	howpublished = "\url{http://www.tu-harburg.de/rzt/rzt/it/QM/cat.html}"
}

@InProceedings{ LSpectorANDOR,
	author = "L. Spector and H. Barnum and H.J. Bernstein and N. Swamy",
	booktitle = "Evolutionary Computation, 1999. CEC 99. Proceedings of the 1999 Congress on",
	title = "Finding a better-than-classical quantum AND/OR algorithm using genetic programming",
	year = "1999",
	month = ,
	volume = "3",
	number = "",
	pages = "3 vol. (xxxvii+2348)",
	keywords = "algorithm theory, better-than-classical quantum AND/OR algorithm, depth-two AND/OR tree problem, evolutionary computation, genetic programming, quantum algorithm evaluation, quantum computer simulator, quantum computing, trees (mathematics)",
	doi = "10.1109/CEC.1999.785553",
	ISSN = ""
}

@Article{ Bacon:2010:RPQ:1646353.1646375,
	author = "Dave Bacon and Wim van Dam",
	title = "Recent progress in quantum algorithms",
	journal = "Commun. ACM",
	issue_date = "February 2010",
	volume = "53",
	issue = "2",
	month = "February",
	year = "2010",
	issn = "0001-0782",
	pages = "84--93",
	numpages = "10",
	url = "http://doi.acm.org/10.1145/1646353.1646375",
	doi = "http://doi.acm.org/10.1145/1646353.1646375",
	acmid = "1646375",
	publisher = "ACM",
	address = "New York, NY, USA"
}

@Book{ masseymeng,
	author = "P Massey",
	title = "Evolving Quantum Programs and Circuits",
	publisher = "University of York",
	year = "2000"
}

@Book{ 1989goldberg,
	author = "D.~E. {Goldberg}",
	title = "{Genetic algorithms in search, optimization and machine learning}",
	booktitle = "Reading: Addison-Wesley, 1989",
	year = 1989,
	editor = "{Goldberg, D.~E.}",
	adsurl = "http://adsabs.harvard.edu/abs/1989gaso.book.....G",
	adsnote = "Provided by the SAO/NASA Astrophysics Data System"
}

@InProceedings{ LSpectorGPforQC,
	title = "Genetic Programming for Quantum Computing",
	booktitle = "Genetic Programming 1998 - Preceedings of the Third Annual Conference",
	author = "L. Spector and H. Barnum and H. Bernstein and NewAuthor4",
	pages = "365--374",
	year = "1988"
}

@Article{ uncerth,
	author = "Gerald Folland and Alladi Sitaram",
	title = "The uncertainty principle: A mathematical survey",
	journal = "Journal of Fourier Analysis and Applications",
	publisher = {Birkh{\"a}user Boston},
	issn = "1069-5869",
	pages = "207--238",
	volume = "3",
	url = "http://dx.doi.org/10.1007/BF02649110",
	note = "10.1007/BF02649110",
	year = "1997",
	affiliation = "University of Washington Department of Mathematics 98195-4350 Seattle WA",
	issue = "3",
	keyword = "Mathematics and Statistics"
}

@Electronic{ qcirtut,
	title = "QCircuit Tutorial",
	url = "http://www.cquic.org/Qcircuit/Qtutorial.pdf"
}

@Electronic{ reqman,
	title = "RequirementOne Requirements Management Tool",
	url = "http://www.requirementone.com/Free_project_management_tool.aspx"
}

@Article{ ieee830,
	author = "",
	journal = "IEEE Std 830-1998",
	title = "IEEE Recommended Practice for Software Requirements Specifications",
	year = "1998",
	month = ,
	volume = "",
	number = "",
	pages = "i",
	keywords = "IEEE Std 830-1998, IEEE recommended practice, IEEE/EIA Std 12207.1-1997, commercial software product selection, contracts, customers, guidelines, in-house software product selection, prototyping, software development, software requirements specification, standards compliance, suppliers, system requirements specifications, formal specification",
	doi = "10.1109/IEEESTD.1998.88286",
	ISSN = ""
}

@Electronic{ QCsite,
	title = "QCircuit",
	url = "http://www.cquic.org/Qcircuit/"
}

@InProceedings{ Williams:1998:ADQ:645812.670824,
	author = "Colin P. Williams and Alexander G. Gray",
	title = "Automated Design of Quantum Circuits",
	booktitle = "Selected papers from the First NASA International Conference on Quantum Computing and Quantum Communications",
	series = "QCQC '98",
	year = "1998",
	isbn = "3-540-65514-X",
	pages = "113--125",
	numpages = "13",
	url = "http://portal.acm.org/citation.cfm?id=645812.670824",
	acmid = "670824",
	publisher = "Springer-Verlag",
	address = "London, UK"
}

@InProceedings{ Yabuki00geneticalgorithms,
	author = "Taro Yabuki Yabuki",
	title = "Genetic Algorithms for Quantum Circuit Design --Evolving a Simpler Teleportation Circuit--",
	booktitle = "In Late Breaking Papers at the 2000 Genetic and Evolutionary Computation Conference",
	year = "2000",
	pages = "421--425",
	publisher = "Morgan Kauffman Publishers"
}

@Article{ Burrows:1990:LA:77648.77649,
	author = "Michael Burrows and Martin Abadi and Roger Needham",
	title = "A logic of authentication",
	journal = "ACM Trans. Comput. Syst.",
	volume = "8",
	issue = "1",
	month = "February",
	year = "1990",
	issn = "0734-2071",
	pages = "18--36",
	numpages = "19",
	url = "http://doi.acm.org/10.1145/77648.77649",
	doi = "http://doi.acm.org/10.1145/77648.77649",
	acmid = "77649",
	publisher = "ACM",
	address = "New York, NY, USA"
}

@Article{ 2003ConPh..44..307K,
	author = "J. {Kempe}",
	title = "{Quantum random walks: an introductory overview}",
	journal = "Contemporary Physics",
	eprint = "arXiv:quant-ph/0303081",
	year = 2003,
	month = apr,
	volume = 44,
	pages = "307--327",
	doi = "10.1080/00107151031000110776",
	adsurl = "http://adsabs.harvard.edu/abs/2003ConPh..44..307K",
	adsnote = "Provided by the SAO/NASA Astrophysics Data System"
}

@Article{ 2002quant.ph..9131C,
	author = "A.~M. {Childs} and R. {Cleve} and E. {Deotto} and E. {Farhi} and S. {Gutmann} and D.~A. {Spielman}",
	title = "{Exponential algorithmic speedup by quantum walk}",
	journal = "ArXiv Quantum Physics e-prints",
	eprint = "arXiv:quant-ph/0209131",
	keywords = "Quantum Physics",
	year = 2002,
	month = sep,
	adsurl = "http://adsabs.harvard.edu/abs/2002quant.ph..9131C",
	adsnote = "Provided by the SAO/NASA Astrophysics Data System"
}

@Article{ shenvi-2003-67,
	author = "Neil Shenvi and Julia Kempe and K.~Birgitta Whaley",
	title = "A Quantum Random Walk Search Algorithm",
	journal = "PHYS.REV.A",
	volume = "67",
	pages = "052307",
	url = "doi:10.1103/PhysRevA.67.052307",
	year = "2003"
}

@Article{ PhysRevLett.70.1895,
	title = "Teleporting an unknown quantum state via dual classical and Einstein-Podolsky-Rosen channels",
	author = "Charles H. Bennett and Gilles Brassard and Claude Cr{\'e}peau and Richard Jozsa and Asher Peres and William K. Wootters",
	journal = "Phys. Rev. Lett.",
	volume = "70",
	number = "13",
	pages = "1895--1899",
	numpages = "4",
	year = "1993",
	month = "Mar",
	doi = "10.1103/PhysRevLett.70.1895",
	publisher = "American Physical Society"
}

@Article{ 1998PhyDBrassard,
	author = "G. {Brassard} and S.~L. {Braunstein} and R. {Cleve}",
	title = "{Teleportation as a quantum computation}",
	journal = "Physica D Nonlinear Phenomena",
	eprint = "arXiv:quant-ph/9605035",
	keywords = "QUANTUM TELEPORTATION, QUANTUM CIRCUITS, ENTANGLEMENT, BELL MEASUREMENTS, GOULASH",
	year = 1998,
	month = sep,
	volume = 120,
	pages = "43--47",
	doi = "10.1016/S0167-2789(98)00043-8",
	adsurl = "http://adsabs.harvard.edu/abs/1998PhyD..120...43B",
	adsnote = "Provided by the SAO/NASA Astrophysics Data System"
}

@Electronic{ compimp,
	title = "Complex Number Implementation",
	url = "http://www.math.ksu.edu/~bennett/jomacg/"
}

@Electronic{ ecjtool,
	title = "ECJ",
	url = "http://www.cs.gmu.edu/~eclab/projects/ecj/"
}

@Electronic{ javamatrix,
	title = "JAMA Matrix Library",
	url = "http://math.nist.gov/javanumerics/jama/"
}

@Electronic{ QIPLect,
	title = "QIP Module Page",
	url = "http://www-course.cs.york.ac.uk/qip"
}

@Electronic{ apahadoop,
	title = "Apache Hadoop",
	url = "http://hadoop.apache.org/"
}

@Electronic{ junitweb,
	title = "JUnit",
	url = "http://www.junit.org/"
}

@Electronic{ qcfweb,
	title = "Quantum Computing Functions for Matlab and Octave",
	url = "http://sourceforge.net/projects/qcf/"
}

@Electronic{ octweb,
	title = "Octave GNU",
	url = "http://www.gnu.org/software/octave/"
}

@Electronic{ wintestproweb,
	title = "Google WindowTester Pro",
	url = "http://code.google.com/javadevtools/wintester/html/index.html"
}

@Article{ Deutsch85quantumtheory,
	author = "David Deutsch",
	title = "Quantum theory, the Church-Turing principle and the universal quantum computer",
	journal = "Proceedings of the Royal Society of London",
	year = "1985",
	volume = "400",
	pages = "97--117"
}

@InProceedings{ Cleve98quantumalgorithms,
	author = "R. Cleve and A. Ekert and C. Macchiavello and M. Mosca",
	title = "Quantum algorithms revisited",
	booktitle = "Proceedings of the Royal Society of London A",
	year = "1998",
	pages = "339--354"
}

@InProceedings{ Massey:2005:EHQ:1068009.1068288,
	author = "Paul Massey and John A. Clark and Susan Stepney",
	title = "Evolution of a human-competitive quantum fourier transform algorithm using genetic programming",
	booktitle = "Proceedings of the 2005 conference on Genetic and evolutionary computation",
	series = "GECCO '05",
	year = "2005",
	isbn = "1-59593-010-8",
	location = "Washington DC, USA",
	pages = "1657--1663",
	numpages = "7",
	url = "http://doi.acm.org/10.1145/1068009.1068288",
	doi = "http://doi.acm.org/10.1145/1068009.1068288",
	acmid = "1068288",
	publisher = "ACM",
	address = "New York, NY, USA",
	keywords = "evolutionary computing, genetic algorithms, genetic programming, quantum computing, quantum fourier transform"
}

@Article{ Brassard:1998vj,
	author = "Gilles Brassard and Peter Hoyer and Alain Tapp",
	title = "{Quantum Counting}",
	year = "1998",
	eprint = "quant-ph/9805082",
	archivePrefix = "arXiv",
	SLACcitation = "\%\%CITATION = QUANT-PH/9805082;\%\%"
}

